<?xml version="1.0" encoding="UTF-8"?><record xmlns="http://www.loc.gov/MARC21/slim" xmlns:cinclude="http://apache.org/cocoon/include/1.0" xmlns:zs="http://www.loc.gov/zing/srw/">
  <leader>00695nz  a2200157n  4500</leader>
  <controlfield tag="001">no2005046264</controlfield>
  <controlfield tag="003">DLC</controlfield>
  <controlfield tag="005">20050517052123.0</controlfield>
  <controlfield tag="008">050516n| acannaabn          |a ana     c</controlfield>
  <datafield tag="010" ind1=" " ind2=" ">
    <subfield code="a">no2005046264</subfield>
  </datafield>
  <datafield tag="035" ind1=" " ind2=" ">
    <subfield code="a">(OCoLC)oca06635789</subfield>
  </datafield>
  <datafield tag="040" ind1=" " ind2=" ">
    <subfield code="a">DNAL</subfield>
    <subfield code="b">eng</subfield>
    <subfield code="c">DNAL</subfield>
  </datafield>
  <datafield tag="110" ind1="2" ind2=" ">
    <subfield code="a">University of Kentucky.</subfield>
    <subfield code="b">Corn and Soybean Science Group</subfield>
  </datafield>
  <datafield tag="410" ind1="2" ind2=" ">
    <subfield code="a">University of Kentucky.</subfield>
    <subfield code="b">Corn &amp; Soybean Science Group</subfield>
  </datafield>
  <datafield tag="410" ind1="2" ind2=" ">
    <subfield code="a">University of Kentucky.</subfield>
    <subfield code="b">College of Agriculture.</subfield>
    <subfield code="b">Corn and Soybean Science Group</subfield>
  </datafield>
  <datafield tag="670" ind1=" " ind2=" ">
    <subfield code="a">Corn and Soybean Science Group newsletter: Nov. 2001:</subfield>
    <subfield code="b">PDF t.p. (University of Kentucky, College of Agriculture, Corn and Soybean Science Group) vol. contents page (Corn &amp; Soybean Science Group)</subfield>
  </datafield>
</record>